@article{carrion1990diseno,
  title={Diseño acústico de espacios arquitectónicos},
  author={Carrion Isbert, Antoni},
  journal={Informes de la Construcción},
  volume={42},
  number={408},
  pages={61--66},
  year={1990} 
}
@misc{REW,
 title={REW - Room EQ Wizard Room Acoustics Software},
 url={https://www.roomeqwizard.com/},
 journal={roomeqwizard.com},
 author={Mulcahy, J.},
 year={2023},
 note= {Accedido en marzo de 2023}
 }
  @misc{arta,
  title = {{ARTA} - Software for Audio Measurements},
  author = {Piszczek, Igor},
  year = {Última versión actualizada en 2023},
  note = {Disponible en: \url{https://www.artalabs.hr/}},
}
@misc{sketchup,
  title = {{SketchUp}},
  author = {{Trimble Inc.}},
  year = {versión 2020},
  note = {Disponible en: \url{https://www.sketchup.com/}},
}
@misc{ISO3382-2,
  title = {{UNE-ISO $3382-2$}: Acústica. Medición de los parámetros de las salas. Parte 2: Parámetros relacionados con el tiempo},
  author = {{Asociación Española de Normalización}},
  year = {2019},
  note = {Disponible en: \url{https://www.une.org/encuentra-tu-norma/busca-tu-norma/norma/?c=N0069999}},
}
@techreport{DIN18041,
  title = {DIN 18041:2016-03 - Acoustic Quality in Small and Medium-sized Rooms},
  author = {{Deutsches Institut für Normung e.V.}},
  year = {2016},
  type = {DIN Standard},
  number = {DIN 18041},
  institution = {Beuth Verlag GmbH},
  address = {Berlin, Germany}
}

@misc{loscanelos,
  title = {{Centro de Extensión Los Canelos}},
  author = {{Dirección de Vinculación con el Medio}},
  year = {2023},
  note = {Disponible en: \url{http://vinculacion.uach.cl/index.php/organizacion/quienes-somos/canelos}},
}

@misc{ds:ds38,
    author			= {{Decreto Supremo Nº 38}},
    title			= {{[Ministerio del medio ambiente]}},
    year			= {2011},
    note			= {Establece norma de emisión de ruidos generados por fuentes que indica, elaborada a partir de la revisión del decreto Nº 146, de 1997, del ministerio secretaría general de la presidencia. 11 de noviembre de 2011},
    language        = {spanish},
}
@book{Kuttruff_2017,
    place={Boca Raton, Fla},
    edition={Sixth},
    title={Room acoustics},
    publisher={CRC Press, Taylor \& amp; Francis Group},
    author={Kuttruff, Heinrich},
    year={2017}
} 
 @book{sabine1922collected,
  title={Collected papers on acoustics},
  author={Sabine, Wallace Clement},
  year={1922},
  edition={2nd},
  publisher={Harvard University Press},
  address={Cambridge, MA} 
  }
@book{Recuero,
  title={Ingeniería Acústica},
  author={Recuero López, Manuel},
  year={2000},
  edition={1st},
  publisher={Editorial Paraninfo},
  address={Madrid, España} 
}
@techreport{ISO9921,
type = {Standard},
key = {ISO $9921$},
month = {06},
year = {2003},
title = {ISO $9921:2003$, Ergonomics — Assessment of speech communication},
address = {Geneva, CH},
institution = {International Organization for Standardization}
}
@article{marshall1994,
  author = {Marshall, L. G.},
  title = {An acoustics measurement program for evaluating auditoriums based on the early/late sound energy ratio},
  journal = {The Journal of the Acoustical Society of America},
  volume = {96},
  number = {4},
  pages = {2251--2261},
  year = {1994},
  doi = {10.1121/1.410097}
}
@misc{ease,
  title = {{EASE}},
  author = {{AFMG Technologies GmbH}},
  year = {Versión 4.3},
  note = {Disponible en: \url{https://www.afmg.eu/index.php/products/ease/}},
}

@misc{blackboard,
    title        = {Black Acoustic Board},
    author       = {Safe Energy},
    year         = 2023,
    note         = {\url{https://www.safe-energy.cl/product/black-acoustic-board/}}
}